@book{radius1,
   title = "Authentification réseau avec Radius : 802.1x, {EAP}, FreeRadius",
   author = "Bordères, Serge and Makarévitch, Nat",
   publisher = "Eyrolles",
   address = "Paris",
   url = "http://opac.inria.fr/record=b1128764",
   isbn = "2-212-12007-9",
   note = "Les protocoles étudiés dans cet ouvrage peuvent être trouvés sur le site http://www.rfc-editor.org",
   year = 2006
}

@book{wireless1,
 author = {Smith, Jeff and Woodhams, Jake and Marg, Robert},
 title = {Controller-Based Wireless LAN Fundamentals: An end-to-end reference guide to design, deploy, manage, and secure 802.11 wireless networks},
 year = {2010},
 isbn = {1587058251, 9781587058257},
 edition = {1st},
 publisher = {WebEx Communications},
}

@book{gress2009deploying,
  title={Deploying and Troubleshooting Cisco Wireless LAN Controllers},
  author={Gress, M.L. and Johnson, L.},
  isbn={9781587140501},
  series={Cisco Technology Series},
  url={http://books.google.be/books?id=YLHvHGGx5AEC},
  year={2009},
  publisher={Pearson Education}
}

